@MISC{Bitcoin,
	author = {Satoshi Nakamoto},
	title = {Bitcoin: A peer-to-peer electronic cash system,‚Äù http://bitcoin.org/bitcoin.pdf},
	year = {}
}

@misc{Transactionsperday,
	title = {Bitcoin daily transactions.},
	howpublished = {\url{https://blockchain.info/charts/n-transactions}},
	note = {Accessed: 2018-04-28}
}

@misc{Totalcoins,
	title = {Bitcoins in circulation.},
	howpublished = {\url{https://blockchain.info/charts/total-bitcoins}},
	note = {Accessed: 2018-04-28}
}

@misc{BitcoinPrice,
	title = {Bitcoin price chart.},
	howpublished = {\url{https://blockchain.info/charts/market-price}},
	note = {Accessed: 2018-04-28}
}

@misc{Litecoin,
	title = {Litecoin Website.},
	howpublished = {\url{https://litecoin.org}},
	note = {Accessed: 2018-04-28}
}

@misc{Monero,
	title = {Monero Website.},
	howpublished = {\url{https://getmonero.org}},
	note = {Accessed: 2018-04-28}
}

@misc{Ethereum,
	title = {Ethereum Website.},
	howpublished = {\url{https://ethereum.org}},
	note = {Accessed: 2018-04-28}
}

@misc{Bcash,
	title = {Bitcion Cash Website.},
	howpublished = {\url{https://bitcoin.com}},
	note = {Accessed: 2018-04-28}
}

@misc{coinmarketcap,
	title = {Market capitalization of cryptocurrencies.},
	howpublished = {\url{https://bitcoin.com}},
	note = {Accessed: 2018-04-28}
}

@inproceedings{mininggames:2016,
	author = {Kiayias, Aggelos and Koutsoupias, Elias and Kyropoulou, Maria and Tselekounis, Yiannis},
	title = {Blockchain Mining Games},
	booktitle = {Proceedings of the 2016 ACM Conference on Economics and Computation},
	series = {EC '16},
	year = {2016},
	pages = {365--382},
	numpages = {18},
} 

@inproceedings{instabilitywithoutreward:2016,
	author = {Carlsten, Miles and Kalodner, Harry and Weinberg, S. Matthew and Narayanan, Arvind},
	title = {On the Instability of Bitcoin Without the Block Reward},
	booktitle = {Proceedings of the 2016 ACM SIGSAC Conference on Computer and Communications Security},
	series = {CCS '16},
	year = {2016},
	pages = {154--167},
	numpages = {14},
} 

@inproceedings{optimalselfishmining2017,
	author="Sapirshtein, Ayelet and Sompolinsky, Yonatan and Zohar, Aviv",
	title="Optimal Selfish Mining Strategies in Bitcoin",
	booktitle="Financial Cryptography and Data Security",
	year="2017",
	pages="515--532",
}

@InProceedings{selfishmining2014,
	author="Eyal, Ittay and Sirer, Emin G{\"u}n",
	title="Majority Is Not Enough: Bitcoin Mining Is Vulnerable",
	booktitle="Financial Cryptography and Data Security",
	year="2014",
}
