@article{dhamal2018stochastic,
  title={A Stochastic Game Framework for Analyzing Computational Investment Strategies in Distributed Computing with Application to Blockchain Mining},
  author={Dhamal, Swapnil and Chahed, Tijani and Ben-Ameur, Walid and Altman, Eitan and Sunny, Albert and Poojary, Sudheer},
  journal={arXiv preprint arXiv:1809.03143},
  year={2018}
}

@article{spiegelman2018game,
  title={Game of Coins},
  author={Spiegelman, Alexander and Keidar, Idit and Tennenholtz, Moshe},
  journal={arXiv preprint arXiv:1805.08979},
  year={2018}
}

@article{koutsoupias2018blockchain,
  title={Blockchain Mining Games with Pay-Forward},
  author={Koutsoupias, Elias and Lazos, Philip and Ogunlana, Foluso and Serafino, Paolo},
  year={2018}
}

@article{conti2018survey,
  title={A survey on security and privacy issues of bitcoin},
  author={Conti, Mauro and Kumar, Sandeep and Lal, Chhagan and Ruj, Sushmita},
  journal={IEEE Communications Surveys \& Tutorials},
  year={2018},
  publisher={IEEE}
}

@proceedings{DBLP:conf/dagstuhl/2001automata,
  editor    = {Erich Gr{\"{a}}del and
               Wolfgang Thomas and
               Thomas Wilke},
  title     = {Automata, Logics, and Infinite Games: {A} Guide to Current Research},
  series    = {Lecture Notes in Computer Science},
  volume    = {2500},
  publisher = {Springer},
  year      = {2002}
}


@book{stanley2015catalan,
  title={Catalan Numbers},
  author={Stanley, R.P.},
  isbn={9781107075092},
  lccn={2014043732},
  pages={2--24},
  year={2015},
  publisher={Cambridge University Press}
}


@book{E17,
  author    = {Christopher P Thompson},
  title     = {Ethereum - Distributed Consensus (A Concise Ethereum History Book)},
  publisher = {CreateSpace Independent Publishing Platform},
  year = {2017}
}


@book{DBLP:books/daglib/0040621,
  author    = {Arvind Narayanan and
               Joseph Bonneau and
               Edward W. Felten and
               Andrew Miller and
               Steven Goldfeder},
  title     = {Bitcoin and Cryptocurrency Technologies - {A} Comprehensive Introduction},
  publisher = {Princeton University Press},
  year      = {2016}
}


@article{NC17,
  author    = {Arvind Narayanan and
               Jeremy Clark},
  title     = {Bitcoin's academic pedigree},
  journal   = {Commun. {ACM}},
  volume    = {60},
  number    = {12},
  pages     = {36--45},
  year      = {2017}
}


@article{SZWTK18,
  author    = {I. Stewart and
               D. Ilie and
               Alexei Zamyatin and
               Sam Werner and
               M. F. Torshizi and
               William J. Knottenbelt},
  title     = {Committing to Quantum Resistance: {A} Slow Defence for Bitcoin against
               a Fast Quantum Computing Attack},
  journal   = {{IACR} Cryptology ePrint Archive},
  volume    = {2018},
  pages     = {213},
  year      = {2018}
}


@article{ABLZ17,
  author    = {Nicola Atzei and
               Massimo Bartoletti and
               Stefano Lande and
               Roberto Zunino},
  title     = {A formal model of Bitcoin transactions},
  journal   = {{IACR} Cryptology ePrint Archive},
  volume    = {2017},
  pages     = {1124},
  year      = {2017}
}


@article{MMR18,
  author    = {Damiano Di Francesco Maesa and
               Andrea Marino and
               Laura Ricci},
  title     = {Data-driven analysis of Bitcoin properties: exploiting the users graph},
  journal   = {I. J. Data Science and Analytics},
  volume    = {6},
  number    = {1},
  pages     = {63--80},
  year      = {2018}
}


@inproceedings{LJG15,
  author    = {Aron Laszka and
               Benjamin Johnson and
               Jens Grossklags},
  title     = {When Bitcoin Mining Pools Run Dry - {A} Game-Theoretic Analysis of
               the Long-Term Impact of Attacks Between Mining Pools},
  booktitle = {Financial Cryptography Workshops},
  series    = {Lecture Notes in Computer Science},
  volume    = {8976},
  pages     = {63--77},
  year      = {2015}
}


@inproceedings{LBSZR15,
  author    = {Yoad Lewenberg and
               Yoram Bachrach and
               Yonatan Sompolinsky and
               Aviv Zohar and
               Jeffrey S. Rosenschein},
  title     = {Bitcoin Mining Pools: {A} Cooperative Game Theoretic Analysis},
  booktitle = {{AAMAS}},
  pages     = {919--927},
  publisher = {{ACM}},
  year      = {2015}
}


@inproceedings{ZGR17,
  author    = {Yevhen Zolotavkin and
               Juli{\'{a}}n Garc{\'{\i}}a and
               Carsten Rudolph},
  title     = {Incentive Compatibility of Pay Per Last {N} Shares in Bitcoin Mining
               Pools},
  booktitle = {GameSec},
  series    = {Lecture Notes in Computer Science},
  volume    = {10575},
  pages     = {21--39},
  year      = {2017}
}


@article{MSHLHSHHMNC18,
  author    = {Malte M{\"{o}}ser and
               Kyle Soska and
               Ethan Heilman and
               Kevin Lee and
               Henry Heffan and
               Shashvat Srivastava and
               Kyle Hogan and
               Jason Hennessey and
               Andrew Miller and
               Arvind Narayanan and
               Nicolas Christin},
  title     = {An Empirical Analysis of Traceability in the Monero Blockchain},
  journal   = {PoPETs},
  volume    = {2018},
  number    = {3},
  pages     = {143--163},
  year      = {2018}
}


@book{MU05,
  author    = {Michael Mitzenmacher and
               Eli Upfal},
  title     = {Probability and computing - randomized algorithms and probabilistic
               analysis},
  publisher = {Cambridge University Press},
  year      = {2005}
}


@book{L04,
  author    = {Leonid Libkin},
  title     = {Elements of Finite Model Theory},
  series    = {Texts in Theoretical Computer Science. An {EATCS} Series},
  publisher = {Springer},
  year      = {2004}
}


@book{FG06,
  author    = {J{\"{o}}rg Flum and
               Martin Grohe},
  title     = {Parameterized Complexity Theory},
  series    = {Texts in Theoretical Computer Science. An {EATCS} Series},
  publisher = {Springer},
  year      = {2006}
}


@inproceedings{MMR16a,
  author    = {Damiano Di Francesco Maesa and
               Andrea Marino and
               Laura Ricci},
  title     = {An analysis of the Bitcoin users graph: inferring unusual behaviours},
  booktitle = {Complex Networks {\&} Their Applications {V} - Proceedings of
               the 5th International Workshop on Complex Networks and their Applications
               {(COMPLEX} {NETWORKS} 2016)},
  pages     = {749--760},
  year      = {2016}
}


@inproceedings{MMR16b,
  author    = {Damiano Di Francesco Maesa and
               Andrea Marino and
               Laura Ricci},
  title     = {Uncovering the Bitcoin Blockchain: An Analysis of the Full Users Graph},
  booktitle = {2016 {IEEE} International Conference on Data Science and Advanced
               Analytics, {DSAA} 2016},
  pages     = {537--546},
  year      = {2016}
}


@MISC{Bitcoin,
	author = {Satoshi Nakamoto},
	title = {Bitcoin: A peer-to-peer electronic cash system},
	howpublished = {\url{http://bitcoin.org/bitcoin.pdf}},
	year = {2008}
}

@misc{Transactionsperday,
	title = {Bitcoin daily transactions.},
	howpublished = {\url{https://blockchain.info/charts/n-transactions}},
	note = {Accessed: 2018-08-08}
}

@misc{TotalMiningRevenue,
	title = {Bitcoin total mining revenue.},
	howpublished = {\url{https://www.blockchain.com/charts/miners-revenue}}
}
    
@misc{TotalMiningFees,
	title = {Bitcoin total transaction fees.},
	howpublished = {\url{https://www.blockchain.com/charts/transaction-fees-usd}}
}

@misc{Totalcoins,
	title = {Bitcoins in circulation.},
	howpublished = {\url{https://blockchain.info/charts/total-bitcoins}},
	note = {Accessed: 2018-08-08}
}

@misc{BitcoinPrice,
	author = {Bitcoin price chart.},
	title = {\url{https://blockchain.info/charts/market-price}},
	year = {2018}
}

@misc{Litecoin,
	author = {Litecoin Website.},
	title = {\url{https://litecoin.org}},
	year = {2018}
}

@misc{Monero,
	author = {Monero Website},
	title = {\url{https://getmonero.org}},
	year = {2018}
}

@misc{Ethereum,
	author = {Ethereum Website},
	title = {\url{https://ethereum.org}},
	year = {2018}
}

@misc{Bcash,
	author = {Bitcoin Cash Website},
	title = {\url{https://www.bitcoincash.org}},
	year = {2018}
}

@misc{coinmarketcap,
	author = {Market capitalization of cryptocurrencies.},
	title = {\url{https://coinmarketcap.com}},
	year = {2018}
}

@inproceedings{mininggames:2016,
	author = {Kiayias, Aggelos and Koutsoupias, Elias and Kyropoulou, Maria and Tselekounis, Yiannis},
	title = {Blockchain Mining Games},
	booktitle = {Proceedings of the 2016 ACM Conference on Economics and Computation},
	series = {EC '16},
	year = {2016},
	pages = {365--382},
	numpages = {18}
} 

@inproceedings{instabilitywithoutreward:2016,
	author = {Carlsten, Miles and Kalodner, Harry and Weinberg, S. Matthew and Narayanan, Arvind},
	title = {On the Instability of Bitcoin Without the Block Reward},
	booktitle = {Proceedings of the 2016 ACM SIGSAC Conference on Computer and Communications Security},
	year = {2016}
} 

@inproceedings{optimalselfishmining2017,
	author="Sapirshtein, Ayelet and Sompolinsky, Yonatan and Zohar, Aviv",
	title="Optimal Selfish Mining Strategies in Bitcoin",
	booktitle="Financial Cryptography and Data Security",
	year="2017",
	pages="515--532",
}

@InProceedings{selfishmining2014,
	author="Eyal, Ittay and Sirer, Emin G{\"u}n",
	title="Majority Is Not Enough: Bitcoin Mining Is Vulnerable",
	booktitle="Financial Cryptography and Data Security",
	year="2014",
}

@InProceedings{stop_selfish_mining2014,
	author="Heilman, Ethan",
	title="One Weird Trick to Stop Selfish Miners: Fresh Bitcoins, A Solution for the Honest Miner (Poster Abstract)",
	booktitle="Financial Cryptography and Data Security",
	year="2014",
}


@inproceedings{stubborn_mining:2016,
  author    = {Kartik Nayak and
               Srijan Kumar and
               Andrew Miller and
               Elaine Shi},
  title     = {Stubborn Mining: Generalizing Selfish Mining and Combining with an
               Eclipse Attack},
  booktitle = {{IEEE} European Symposium on Security and Privacy, EuroS{\&}P
               2016},
  pages     = {305--320},
  year      = {2016}
}


@article{stubborn_mining:2015,
  author    = {Kartik Nayak and
               Srijan Kumar and
               Andrew Miller and
               Elaine Shi},
  title     = {Stubborn Mining: Generalizing Selfish Mining and Combining with an
               Eclipse Attack},
  journal   = {{IACR} Cryptology ePrint Archive},
  volume    = {2015},
  pages     = {796},
  year      = {2015},
}


@InProceedings{economics_of_mining2013,
    author = {Joshua A. Kroll and Ian C. Davey and Edward W. Felten},
    title = {The Economics of Bitcoin Mining, or Bitcoin in the Presence of Adversaries},
    booktitle={The Twelfth Workshop on the Economics of Information Security (WEIS 2013)},
    year = {2013}
}


@InProceedings{ddos_attacks2014,
	author="Johnson, Benjamin and Laszka, Aron and Grossklags, Jens and Vasek, Marie and Moore, Tyler",
	title="Game-Theoretic Analysis of DDoS Attacks Against Bitcoin Mining Pools",
	booktitle="Financial Cryptography and Data Security",
	year="2014",
}

@InProceedings{empirical_dos_attacks2014,
	author="Vasek, Marie and Thornton, Micah and Moore, Tyler",
	title="Empirical Analysis of Denial-of-Service Attacks in the Bitcoin Ecosystem",
	booktitle="Financial Cryptography and Data Security",
	year="2014",
}



@inproceedings{eclipseattacks2015,
  author    = {Ethan Heilman and
               Alison Kendler and
               Aviv Zohar and
               Sharon Goldberg},
  title     = {Eclipse Attacks on Bitcoin's Peer-to-Peer Network},
  booktitle = {24th {USENIX} Security Symposium, {USENIX} Security 15},
  pages     = {129--144},
  year      = {2015}
}


@article{eclipseattacks2015b,
  author    = {Ethan Heilman and
               Alison Kendler and
               Aviv Zohar and
               Sharon Goldberg},
  title     = {Eclipse Attacks on Bitcoin's Peer-to-Peer Network},
  journal   = {{IACR} Cryptology ePrint Archive},
  volume    = {2015},
  pages     = {263},
  year      = {2015}
}


@article{MHG18,
  author    = {Yuval Marcus and
               Ethan Heilman and
               Sharon Goldberg},
  title     = {Low-Resource Eclipse Attacks on Ethereum's Peer-to-Peer Network},
  journal   = {{IACR} Cryptology ePrint Archive},
  volume    = {2018},
  pages     = {236},
  year      = {2018}
}


@article{GH18,
  author    = {Sharon Goldberg and
               Ethan Heilman},
  title     = {Technical perspective: The rewards of selfish mining},
  journal   = {Commun. {ACM}},
  volume    = {61},
  number    = {7},
  pages     = {94},
  year      = {2018}
}

@article{bitcoin_attacks_2013,
	author    = {Lear Bahack},
	title     = {Theoretical Bitcoin Attacks with less than Half of the Computational
								Power (draft)},
	year      = {2013},
	url       = {http://arxiv.org/abs/1312.7013},
}

